<record><leader>00000cas a22000007a 4500</leader><controlfield tag="001">1567320</controlfield><controlfield tag="008">750824d18941967mnuwr ne      0    0eng d</controlfield><datafield ind1=" " ind2=" " tag="010"><subfield code="a">sn 89064011 </subfield></datafield><datafield ind1=" " ind2=" " tag="040"><subfield code="a">MUL</subfield><subfield code="b">eng</subfield><subfield code="c">MUL</subfield><subfield code="d">OCL</subfield><subfield code="d">MN#</subfield><subfield code="d">OCLCQ</subfield><subfield code="d">OCLCF</subfield><subfield code="d">OCLCO</subfield></datafield><datafield ind1=" " ind2=" " tag="042"><subfield code="a">msc</subfield></datafield><datafield ind1=" " ind2=" " tag="043"><subfield code="a">n-us-mn</subfield></datafield><datafield ind1=" " ind2=" " tag="052"><subfield code="a">4144</subfield><subfield code="b">E26</subfield></datafield><datafield ind1=" " ind2=" " tag="052"><subfield code="a">4143</subfield><subfield code="b">Y4</subfield></datafield><datafield ind1="0" ind2=" " tag="130"><subfield code="a">Echo enterprise (Echo, Minn. : 1894)</subfield></datafield><datafield ind1="1" ind2="0" tag="245"><subfield code="a">Echo enterprise.</subfield></datafield><datafield ind1=" " ind2=" " tag="260"><subfield code="a">Echo, Minn. :</subfield><subfield code="b">F.G. Tuttle,</subfield><subfield code="c">-1967.</subfield></datafield><datafield ind1=" " ind2=" " tag="300"><subfield code="a">v.</subfield></datafield><datafield ind1=" " ind2=" " tag="310"><subfield code="a">Weekly</subfield></datafield><datafield ind1="1" ind2=" " tag="362"><subfield code="a">Began Jan. 4, 1894.</subfield></datafield><datafield ind1="0" ind2=" " tag="362"><subfield code="a">-v. 73, no. 2 (Apr. 28, 1967).</subfield></datafield><datafield ind1=" " ind2=" " tag="530"><subfield code="a">Available on microfilm from the Minnesota Historical Society.</subfield></datafield><datafield ind1=" " ind2=" " tag="588"><subfield code="a">Description based on; vol. 1, no. 2 (Jan. 11, 1894).</subfield></datafield><datafield ind1=" " ind2="0" tag="651"><subfield code="a">Echo (Minn.)</subfield><subfield code="v">Newspapers.</subfield></datafield><datafield ind1=" " ind2="7" tag="655"><subfield code="a">Newspapers.</subfield><subfield code="2">fast</subfield><subfield code="0">(OCoLC)fst01423814</subfield></datafield><datafield ind1=" " ind2="7" tag="651"><subfield code="a">Minnesota</subfield><subfield code="z">Echo.</subfield><subfield code="2">fast</subfield><subfield code="0">(OCoLC)fst01882194</subfield></datafield><datafield ind1=" " ind2=" " tag="752"><subfield code="a">United States</subfield><subfield code="b">Minnesota</subfield><subfield code="c">Yellow Medicine</subfield><subfield code="d">Echo.</subfield></datafield><datafield ind1="0" ind2="4" tag="785"><subfield code="a">Belview independent</subfield><subfield code="w">(DLC)sn 89064830</subfield><subfield code="w">(OCoLC)1519491</subfield></datafield></record>